% This file was created with JabRef 2.10b2.
% Encoding: UTF-8


@Article{riffe2017demographictime,
  Title                    = {{A unified framework of demographic time}},
  Author                   = {Riffe, T. and Sch\"oley, J. and Villavicencio, F.},
  Journal                  = {Genus},
  Year                     = {2017},
  Number                   = {7},
  Volume                   = {73},

  Doi                      = {10.1186/s41118-017-0024-4},
  Owner                    = {tim},
  Timestamp                = {2018.02.05}
}

